<?xml version="1.0" encoding="UTF-8"?><record xmlns="http://www.loc.gov/MARC21/slim" xmlns:cinclude="http://apache.org/cocoon/include/1.0" xmlns:zs="http://www.loc.gov/zing/srw/">
  <leader>00546cz  a2200145n  4500</leader>
  <controlfield tag="001">n  86144394 </controlfield>
  <controlfield tag="003">DLC</controlfield>
  <controlfield tag="005">19881115124957.2</controlfield>
  <controlfield tag="008">860926n| acannaab|          |a aaa ||| b</controlfield>
  <datafield tag="010" ind1=" " ind2=" ">
    <subfield code="a">n  86144394 </subfield>
  </datafield>
  <datafield tag="040" ind1=" " ind2=" ">
    <subfield code="a">DNLM</subfield>
    <subfield code="c">DLC</subfield>
    <subfield code="d">DLC</subfield>
  </datafield>
  <datafield tag="100" ind1="1" ind2="0">
    <subfield code="a">Zinder, O.</subfield>
  </datafield>
  <datafield tag="400" ind1="1" ind2="0">
    <subfield code="a">Zinder, Oren</subfield>
  </datafield>
  <datafield tag="670" ind1=" " ind2=" ">
    <subfield code="a">Int. Meeting on Clinical Laboratory Org. and Management (5th : 1985 : Haifa, Israel). Optimal use ... 1986:</subfield>
    <subfield code="b">CIP t.p. (O. Zinder, Haifa)</subfield>
  </datafield>
  <datafield tag="670" ind1=" " ind2=" ">
    <subfield code="a">Molecular biology of stress, 1989:</subfield>
    <subfield code="b">CIP t.p. (Oren Zinder; clinical biochem., Rambam Med. Cent., Haifa, Israel)</subfield>
  </datafield>
</record>